@article{logistic-regression,
    author = "Juliana Tolles, William J. Meurer",
    title = "Logistic Regression, Relating Patient Characteristics to Outcomes",
    year = "2016",
}

@misc{sklearn-svm,
  author = "Unknown",
  title = "Scikit Learn SVC Documentation",
  year = "2019",
  url = "https://scikit-learn.org/stable/modules/svm.html",
  note = "Online; accessed 27-February-2020"
}

@article{svm,
    author = "Cortes Corinna, Vapnik Vladimir N.",
    title = "Support-Vector Networks",
    year = "1995",
    doi = "10.1007/BF00994018"
}

@misc{wiki-svm,
  author = "Wikipedia",
  title = "Support Vector Machine",
  year = "2019",
  url = "https://en.wikipedia.org/wiki/Support-vector_machine",
  note = "Online; accessed 27-February-2020"
}

@inproceedings{glove,
  author = {Jeffrey Pennington and Richard Socher and Christopher D. Manning},
  booktitle = {Empirical Methods in Natural Language Processing (EMNLP)},
  title = {GloVe: Global Vectors for Word Representation},
  year = {2014},
  pages = {1532--1543},
  url = {http://www.aclweb.org/anthology/D14-1162},
}

@article{LSTM,
  added-at = {2016-11-15T08:49:43.000+0100},
  author = {Hochreiter, Sepp and Schmidhuber, J{\"u}rgen},
  biburl = {https://www.bibsonomy.org/bibtex/2a4a80026d24955b267cae636aa8abe4a/dallmann},
  interhash = {0692b471c4b9ae65d00affebc09fb467},
  intrahash = {a4a80026d24955b267cae636aa8abe4a},
  journal = {Neural computation},
  keywords = {lstm rnn},
  number = 8,
  pages = {1735--1780},
  publisher = {MIT Press},
  timestamp = {2016-11-15T08:49:43.000+0100},
  title = {Long short-term memory},
  volume = 9,
  year = 1997
}

@misc{vgmusic,
  author = "Mike Newman (Yaginuma)",
  title = "Vgmusic",
  url = "https://www.vgmusic.com/",
  note = "Online; accessed 11-April-2020"
}

@misc{musenet,
  author = "Payne Christine",
  title = "MuseNet.",
  year = "2019",
  url = "openai.com/blog/musenet",
  note = "Online; accessed 11-April-2020"
}

@misc{wiki-note,
 author = "{Wikipedia contributors}",
 title = "Musical note",
 url = "https://en.wikipedia.org/wiki/Musical_note",
 note = "Online; accessed 12-April-2020"
}

@misc{wiki-chord,
 author = "{Wikipedia contributors}",
 title = "Chord (music)",
 url = "https://en.wikipedia.org/wiki/Chord_(music)",
 note = "Online; accessed 12-April-2020"
}

@misc{wiki-melody,
 author = "{Wikipedia contributors}",
 title = "Melody",
 url = "https://en.wikipedia.org/wiki/Melody",
 note = "Online; accessed 12-April-2020"
}

@misc{wiki-monophony,
 author = "{Wikipedia contributors}",
 title = "Monophony",
 url = "https://en.wikipedia.org/wiki/Monophony",
 note = "Online; accessed 12-April-2020"
}

@misc{wiki-midi,
 author = "{Wikipedia contributors}",
 title = "MIDI",
 url = "https://en.wikipedia.org/wiki/MIDI",
 note = "Online; accessed 12-April-2020"
}

@ARTICLE{Elman90findingstructure,
    author = {Jeffrey L. Elman},
    title = {Finding structure in time},
    journal = {COGNITIVE SCIENCE},
    year = {1990},
    volume = {14},
    number = {2},
    pages = {179--211}
}

@inproceedings{rnn,
  author = {Mikolov, Tomas and Karafiát, Martin and Burget, Lukás and Cernocký, Jan and Khudanpur, Sanjeev},
  booktitle = {INTERSPEECH},
  editor = {Kobayashi, Takao and Hirose, Keikichi and Nakamura, Satoshi},
  keywords = {dblp},
  pages = {1045-1048},
  publisher = {ISCA},
  timestamp = {2015-06-21T06:10:05.000+0200},
  title = {Recurrent neural network based language model.},
  url = {http://dblp.uni-trier.de/db/conf/interspeech/interspeech2010.html#MikolovKBCK10},
  year = 2010
}

@misc{lstm-structure,
 author = "{Christopher Olah}",
 title = "Understanding LSTM networks",
 url = "http://colah.github.io/posts/2015-08-Understanding-LSTMs/",
 note = "Online; accessed 12-April-2020"
}

@misc{music21,
  author = "Michael Scott Cuthbert",
  title = "music21: a toolkit for computer-aided musicology",
  url= "https://web.mit.edu/music21/",
  note = "Online; accessed 12-April-2020"
}

@misc{melody-rnn,
  author = "Charles Martin",
  title = "Music Generation with an RNN",
  url= "https://creativeprediction.xyz/hack/melody/",
  note = "Online; accessed 13-April-2020"
}

@misc{knn-img,
  author = " Avinash Navlani",
  title = "KNN Classification using Scikit-learn",
  url= "https://www.datacamp.com/community/tutorials/k-nearest-neighbor-classification-scikit-learn",
  note = "Online; accessed 14-April-2020"
}

@misc{lda,
  author = "Wikipedia contributors",
  title = "Linear Discriminant Analysis",
  url= "https://en.wikipedia.org/wiki/Linear_discriminant_analysis#Multiclass_LDA",
  note = "Online; accessed 14-April-2020"
}

@article{emnist,
  author    = {Gregory Cohen and Saeed Afshar and Jonathan Tapson and Andr{\'{e}} van Schaik},
  title     = {{EMNIST:} an extension of {MNIST} to handwritten letters},
  journal   = {CoRR},
  volume    = {abs/1702.05373},
  year      = {2017},
  url       = {http://arxiv.org/abs/1702.05373},
  archivePrefix = {arXiv},
  eprint    = {1702.05373},
  timestamp = {Mon, 13 Aug 2018 16:48:00 +0200},
  biburl    = {https://dblp.org/rec/journals/corr/CohenATS17.bib},
  bibsource = {dblp computer science bibliography, https://dblp.org}
}

@ARTICLE{Peterson:2009,
  AUTHOR = {Peterson, L. E.},
  TITLE   = {{K}-nearest neighbor},
  YEAR    = {2009},
  JOURNAL = {Scholarpedia},
  VOLUME  = {4},
  NUMBER  = {2},
  PAGES   = {1883},
  DOI     = {10.4249/scholarpedia.1883},
  NOTE    = {revision \#137311}
}

@article{svd,
  author    = {Rowayda A. Sadek},
  title     = {{SVD} Based Image Processing Applications: State of The Art, Contributions
               and Research Challenges},
  journal   = {CoRR},
  volume    = {abs/1211.7102},
  year      = {2012},
  url       = {http://arxiv.org/abs/1211.7102},
  archivePrefix = {arXiv},
  eprint    = {1211.7102},
  timestamp = {Mon, 13 Aug 2018 16:47:13 +0200},
  biburl    = {https://dblp.org/rec/journals/corr/Sadek12.bib},
  bibsource = {dblp computer science bibliography, https://dblp.org}
}

@article{svd-main,
  author    = {Andy Lassiter},
  title     = {Handwritten Digit Classification and Reconstruction of Marred Images Using Singular Value Decomposition},
  year      = {2013},
  url       = {https://intranet.math.vt.edu/ugresearch/Lassiter_2012_2013.pdf},
  archivePrefix = {arXiv},
  eprint    = {1211.7102},
}

@misc{lr,
  author = "Wikipedia contributors",
  title = "Multinomial logistic regression",
  url= "https://en.wikipedia.org/wiki/Multinomial_logistic_regression",
  note = "Online; accessed 14-April-2020",
  year={2020}
}

@misc{mlp-img,
  author = "Mohamed Zahran",
  title = "Multilayer Perceptron",
  url= "https://www.researchgate.net/figure/A-hypothetical-example-of-Multilayer-Perceptron-Network_fig4_303875065",
  note = "Online; accessed 14-April-2020",
  year={2020}
}

@misc{chain-rule,
  author = "Wikipedia contributors",
  title = "Chain rule (derivative)",
  url= "https://en.wikipedia.org/wiki/Chain_rule",
  note = "Online; accessed 14-April-2020",
  year={2020}
}

@misc{mlp,
  author = "Wikipedia Contributors",
  title = "Multilayer perceptron",
  url= "https://en.wikipedia.org/wiki/Multilayer_perceptron",
  note = "Online; accessed 14-April-2020",
  year={2020}
}

@incollection{rumelhart:errorpropnonote,
  added-at = {2008-02-26T11:58:58.000+0100},
  address = {Cambridge, MA},
  author = {Rumelhart, David E. and Hinton, Geoffrey E. and Williams, Ronald J.},
  biburl = {https://www.bibsonomy.org/bibtex/27c3d39c519530239660d33e66493ade1/schaul},
  booktitle = {Parallel Distributed Processing: Explorations in the Microstructure of Cognition, {V}olume 1: {F}oundations},
  citeulike-article-id = {2378884},
  description = {idsia},
  editor = {Rumelhart, David E. and Mcclelland, James L.},
  interhash = {dd8485b30b80c7f35263bcb21ed81c1f},
  intrahash = {7c3d39c519530239660d33e66493ade1},
  keywords = {nn},
  pages = {318--362},
  priority = {2},
  publisher = {MIT Press},
  timestamp = {2008-02-26T12:02:43.000+0100},
  title = {Learning Internal Representations by Error Propagation},
  year = 1986
}


